

@inproceedings{DBLPMH10,
  author = {L. Bravo and M. Caniupan and C. A. Hurtado},
  ee = {http://ceur-ws.org/Vol-619/paper9.pdf},
  booktitle = {AMW},
  title = {Logic Programs for Repairing Inconsistent Dimensions in Data Warehouses},
  year = {2010},
  bibsource = {DBLP, http://dblp.uni-trier.de},
  crossref = {DBLP:conf/amw/2010}
}



@ARTICLE{ABC02,
  author = {M. Arenas and L. Bertossi and J. Chomicki},
  title = {{Answer Sets for Consistent Query Answering in Inconsistent Databases}},
  journal = {TPLP},
  year = {2003},
  volume = {3},
  pages = {393--424},
  number = {4-5}
}




@INBOOK{SN01,
  author = {T. Syrj\"{a}nen and I. Niemel\"{a}},
  chapter = {The Smodels System},
  pages = {434--438},
  title = {{LPNMR'01}},
  year = {2001},
  series = {Springer LNCS 2173}
}

@book{JanChomicki2008,
abstract = {Usually, the data in a database instance is supposed to be consistent and satisfy the database integrity constraints. However, it is quite common for the two to diverge. The data may fail to satisfy the constraints for various reasons: it may be erroneous, out of date, or come from mutually inconsistent sources.},
address = {Berlin, Heidelberg},
author = {{J. Chomicki}},
doi = {10.1007/978-3-540-87993-0},
editor = {Greco, Sergio and Lukasiewicz, Thomas},
isbn = {978-3-540-87992-3},
publisher = {Springer Berlin Heidelberg},
series = {Lecture Notes in Computer Science},
title = {{Consistent Query Answering: The First Ten Years}},
url = {http://www.springerlink.com/content/75vr084041t23j82/},
volume = {5291},
year = {2008}
}

ï»¿@incollection {springerlink2004,
   author = {J. Chomicki},
   affiliation = {Department of Computer Science and Engineering, University at Buffalo, SUNY, Buffalo, NY 12260-2000, USA},
   title = {Consistent Query Answering},
   booktitle = {Integrity and Internal Control in Information Systems VI},
   series = {IFIP International Federation for Information Processing},
   editor = {Jajodia, Sushil and Strous, Leon},
   publisher = {Springer Boston},
   isbn = {978-1-4020-7900-9},
   keyword = {Computer Science},
   pages = {219-239},
   volume = {140},
%   url = {http://dx.doi.org/10.1007/1-4020-7901-X\_15},
   note = {10.1007/1-4020-7901-X_15},
   year = {2004}
}
